@misc{
  00000011,
    author = {SHTSoft.EU},
    title = {{Ordinary TQFTs and Close Encounters of the Higher Kind}},
    year = {2022},
    month = {August},
    howpublished = {\url{https://github.com/shtsoft/tqft/releases/v0.1.0/download/paper.pdf}}
}
@misc{
  0349e8ea,
  author={Lurie, J.},
  title={{Higher Topos Theory}},
  year={2017},
  month={April},
  howpublished={\url{http://www.math.harvard.edu/~lurie/papers/highertopoi.pdf}},
  note={Self-Published e-Print}
}
@misc{
  0b0672dc,
  author={Loregian, F.},
  title={{This Is the (Co)End, My Only (Co)Friend}},
  year={2017},
  month={December},
  howpublished={\url{https://arxiv.org/abs/1501.02503v4}},
  note={ArXiv e-Prints}
}
@book{
  0b855cc5,
  author={Feng, Y.},
  title={Strict Finitism and the Logic of Mathematical Applications},
  year={2011},
  publisher={Springer},
  address={Heidelberg}
}
@misc{
  0d7b89ad,
  author={Baez, J. C. and Dolan, J.},
  title={{Higher-Dimensional Algebra III: $n$-Categories and the Algebra of Opetopes}},
  year={1997},
  month={February},
  howpublished={\url{https://arxiv.org/abs/q-alg/9702014v1}},
  note={ArXiv e-Prints}
}
@misc{
  1ba1603e,
  author={The Univalent Foundations Program},
  title={{Homotopy Type Theory}},
  year={2013},
  month={April},
  howpublished={\url{http://saunders.phil.cmu.edu/book/hott-online.pdf}},
  note={Self-Published e-Print}
}
@misc{
  2148248a,
  author={Baez, J. C.},
  title={{Higher-Dimensional Algebra II: $2$-Hilbert Spaces}},
  year={1996},
  month={August},
  howpublished={\url{https://arxiv.org/abs/q-alg/9609018v2}},
  note={ArXiv e-Prints}
}
@book{
  240b19f3,
  author={Husem\"{o}ller, D. and Joachim, M. and Jur\v{c}o, B and Schottenlohr, M.},
  title={Basic Bundle Theory and K-Cohomolgy Invariants},
  year={2008},
  publisher={Springer},
  address={Heidelberg}
}
@book{
  24253327,
  author={Turaev, V.},
  title={Quantum Invariants of Knots and 3-Manifolds},
  year={2010},
  publisher={De Gruyter},
  address={Berlin}
}
@book{
  273ba834,
  author={Dugundji, J.},
  title={Topology},
  year={1965},
  publisher={Allyn and Bacon, Inc.},
  address={Boston}
}
@misc{
  2d5c2e63,
  author={Tsementzis, D.},
  title={{A Meaning Explanation for HoTT}},
  year={2017},
  month={February},
  howpublished={\url{http://philsci-archive.pitt.edu/12602/1/A.Meaning.A.Exaplanation.for.HoTT.pdf}},
  note={PhilSci-Archive e-Print}
}
@misc{
  476fe2a3,
  author={Baez, J. C.},
  title={{Struggles with the Continuum}},
  year={2018},
  month={January},
  howpublished={\url{https://arxiv.org/abs/1609.01421v3}},
  note={ArXiv e-Print}
}
@misc{
  4dc38f27,
  author={Mitchell, S. A.},
  title={{Notes on Principal Bundles and Classifying Spaces}},
  year={2011},
  month={June},
  howpublished={\url{https://sites.math.washington.edu/~mitchell/Notes/prin.pdf}},
  note={Self-Published e-Print}
}
@misc{
  4dd1b85f,
  author={Friedman, G.},
  title={{An Elementary Illustrated Introduction to Simplicial Sets}},
  year={2016},
  month={October},
  howpublished={\url{https://arxiv.org/abs/0809.4221v5}},
  note={ArXiv e-Prints}
}
@misc{
  52fbba46,
  author={Riehl, E.},
  title={{Category Theory in Context}},
  year={2014},
  month={January},
  howpublished={\url{http://www.math.jhu.edu/~eriehl/context.pdf}},
  note={Self-Published e-Print}
}
@misc{
  53fd7d7e,
  author={Shulman, M. A.},
  title={{Set Theory for Category Theory}},
  year={2008},
  month={October},
  howpublished={\url{https://arxiv.org/abs/0810.1279v2}},
  note={ArXiv e-Prints}
}
@misc{
  66edf75b,
  author={Baez, J. C. and Dolan, J.},
  title={{Categorification}},
  year={1998},
  month={February},
  howpublished={\url{https://arxiv.org/abs/math/9802029v1}},
  note={ArXiv e-Prints}
}
@misc{
  69cbf29c,
  author={May, J. P. and Hamblet, N.},
  title={{The Geometry of Iterated Loop Spaces}},
  year={2007},
  month={February},
  howpublished={\url{http://www.math.uchicago.edu/~may/BOOKS/gils.pdf}},
  note={Self-Published e-Print}
}
@article{
  6d9ad807,
  author={Segal, G.},
  title={{Classifying Spaces and Spectral Sequences}},
  year={1968},
  month={January},
  journal={Publications Math\'ematiques de l'IH\'ES}
}
@book{
  70961a11,
  author={Hovey, M.},
  title={Model Categories},
  year={2007},
  publisher={American Mathematical Society},
  address={Providence}
}
@misc{
  78202e13,
  author={May, J. P.},
  title={{A Concise Course in Algebraic Topology}},
  year={1999},
  month={January},
  howpublished={\url{http://www.math.uchicago.edu/~may/CONCISE/ConciseRevised.pdf}},
  note={Self-Published e-Print}
}
@misc{
  791993d6,
  author={May, J. P. and Ponto, K.},
  title={{More Concise Algebraic Topology}},
  year={2011},
  month={August},
  howpublished={\url{http://www.math.uchicago.edu/~may/TEAK/KaetBookFinal.pdf}},
  note={Self-Published e-Print}
}
@book{
  797789bc,
  author={Isham, C. J.},
  title={Modern Differential Geometry for Physicists},
  year={2001},
  publisher={World Scientific Publishing},
  address={Singapore}
}
@misc{
  7a40623d,
  author={Riehl, E.},
  title={{Categorical Homotopy Theory}},
  year={2014},
  month={May},
  howpublished={\url{http://www.math.jhu.edu/~eriehl/cathtpy.pdf}},
  note={Self-Published e-Print}
}
@misc{
  8b5861fc,
  author={Hatcher, A.},
  title={{Algebraic Topology}},
  year={2001},
  month={December},
  howpublished={\url{https://www.math.cornell.edu/~hatcher/AT/AT.pdf}},
  note={Self-Published e-Print}
}
@misc{
  a565d200,
  author={Schreiber, U.},
  title={{Differential Cohomology in a Cohesive $\infty$-Topos}},
  year={2013},
  month={October},
  howpublished={\url{https://arxiv.org/abs/1310.7930v1}},
  note={ArXiv e-Prints}
}
@misc{
  ab8cfa22,
  author={Barr, M. and Wells, C.},
  title={{Category Theory for Computing Science}},
  year={2013},
  month={November},
  howpublished={\url{http://www.tac.mta.ca/tac/reprints/articles/22/tr22a.pdf}},
  note={TAC e-Print}
}
@book{
  b28b8d8f,
  author={Goerss, P. G. and Jardine, J. F.},
  title={Simplicial Homotopy Theory},
  year={1996},
  publisher={Birkh\"auser},
  address={Basel}
}
@misc{
  bc53e62a,
  author={Baez, J. C.},
  title={{Some Definitions Everyone Should Know}},
  year={2010},
  month={May},
  howpublished={\url{http://math.ucr.edu/home/baez/qg-winter2001/definitions.pdf}},
  note={Self-Published e-Print}
}
@book{
  c1f00dad,
  author={Johnstone, P. T.},
  title={Sketches of an Elephant: A Topos Theory Compendium},
  year={2002},
  publisher={Oxford University Press},
  address={Oxford}
}
@misc{
  c2d89e8a,
  author={Baez, J. C. and Neuchl, M.},
  title={{Higher-Dimensional Algebra I: Braided Monoidal $2$-Categories}},
  year={2000},
  month={October},
  howpublished={\url{https://arxiv.org/abs/q-alg/9511013v1}},
  note={ArXiv e-Prints}
}
@book{
  c55c71e8,
  author={Mac Lane, S. and Moerdijk, I.},
  title={Sheaves in Geometry and Logic},
  year={1992},
  publisher={Springer},
  address={New York},
}
@misc{
  c82f5e22,
  author={Moerdijk, I.},
  title={{Introduction to the Language of Stacks and Gerbes}},
  year={2002},
  month={December},
  howpublished={\url{https://arxiv.org/abs/math/0212266}},
  note={ArXiv e-Prints}
}
@misc{
  d09756a3,
  author={Riehl, E.},
  title={{A Leisurely Introduction to Simplicial Sets}},
  year={2011},
  month={August},
  howpublished={\url{http://www.math.jhu.edu/~eriehl/ssets.pdf}},
  note={Self-Published e-Print}
}
@misc{
  d1ad46b9,
  author={Benini, M. and Schenkel, A. and Szabo, R. J.},
  title={{Homotopy Colimits and Global Observables in Abelian Gauge theory}},
  year={2015},
  month={May},
  howpublished={\url{https://arxiv.org/abs/1503.08839}},
  note={ArXiv e-Prints}
}
@misc{
  d9dadd6d,
  author={De Jong, A. J.},
  title={{Stacks Project}},
  year={2018},
  month={May},
  howpublished={\url{http://math.columbia.edu/algebraic_geometry/stacks-git/book.pdf}},
  note={Self-Published e-Print}
}
@misc{
  dc6f686f,
  author={Leinster, T.},
  title={{Basic Category Theory}},
  year={2016},
  month={December},
  howpublished={\url{https://arxiv.org/abs/1612.09375v1}},
  note={ArXiv e-Prints}
}
@misc{
  de09a3f9,
  author={Baez, J. C.},
  title={{An Introduction to $n$-Categories}},
  year={1997},
  month={May},
  howpublished={\url{https://arxiv.org/abs/q-alg/9705009v1}},
  note={ArXiv e-Prints}
}
@misc{
  de9b9402,
  author={Leinster, T.},
  title={{An Informal Introduction to Topos Theory}},
  year={2011},
  month={June},
  howpublished={\url{https://arxiv.org/abs/1012.5647v3}},
  note={ArXiv e-Prints}
}
@misc{
  e5194763,
  author={Tsementzis, D.},
  title={{What Is a Higher Level Set}},
  year={2016},
  month={November},
  howpublished={\url{http://philsci-archive.pitt.edu/12602/1/What.Is.A.Higher.Level.Set.finalPM.pdf}},
  note={PhilSci-Archive e-Print}
}
@book{
  e837ef86,
  author={Mac Lane, S.},
  title={Categories for the Working Mathematician},
  year={1971},
  publisher={Springer},
  address={New York}
}
@misc{
  ea5d49bf,
  author={Baez, J. C. and Lauda, A.},
  title={{A Prehistory of $n$-Categorical Physics}},
  year={2009},
  month={Ausgust},
  howpublished={\url{https://arxiv.org/abs/0908.2469v1}},
  note={ArXiv e-Prints}
}
@misc{
  eec64bc7,
  author={Leinster, T.},
  title={{Rethinking Set Theory}},
  year={2012},
  month={December},
  howpublished={\url{https://arxiv.org/abs/1212.6543v1}},
  note={ArXiv e-Prints}
}
@misc{
  wiki-nlab0000,
  author={nLab},
  title={{A Wiki-Lab for Collaborative Work on Mathematics, Physics and Philosophy}},
  howpublished={\url{https://ncatlab.org}},
  note={Search for Definitions Occuring in This e-print}
}
@misc{
  wiki-pedia0en,
  author={Wikipedia},
  title={{The Free Encyclopedia}},
  howpublished={\url{https://en.wikipedia.org}},
  note={Search for Definitions Occuring in This e-print}
}
