@misc{
  catctxphy,
    author = {SHTSoft.EU},
    title = {{Category Theory in the Context of Physics}},
    year = {2022},
    month = {March},
    howpublished = {\url{https://github.com/shtsoft/catctxphy/releases/v0.1.0/download/paper.pdf}}
}
